<collection xmlns="http://www.loc.gov/MARC21/slim">
<record>
  <leader>01592nam a2200385 a 4500</leader>
  <controlfield tag="001">3216949</controlfield>
  <controlfield tag="007">he amb---bbcp</controlfield>
  <controlfield tag="007">he bmb---baap</controlfield>
  <controlfield tag="008">850125s1884    xx      b     000 0 eng d</controlfield>
  <datafield tag="020" ind1=" " ind2=" ">
    <subfield code="a">0665287720</subfield>
  </datafield>
  <datafield tag="035" ind1=" " ind2=" ">
    <subfield code="a">ocn317927793</subfield>
  </datafield>
  <datafield tag="040" ind1=" " ind2=" ">
    <subfield code="a">CaOOCIHM</subfield>
    <subfield code="b">eng</subfield>
    <subfield code="d">AEU</subfield>
  </datafield>
  <datafield tag="082" ind1="0" ind2=" ">
    <subfield code="a">971.3007202</subfield>
    <subfield code="2">19</subfield>
  </datafield>
  <datafield tag="090" ind1=" " ind2=" ">
    <subfield code="a">FC 02 0203 no. 28772</subfield>
    <subfield code="b">AEU</subfield>
  </datafield>
  <datafield tag="100" ind1="1" ind2=" ">
    <subfield code="a">Scadding, Henry,</subfield>
    <subfield code="d">1813-1901</subfield>
  </datafield>
  <datafield tag="245" ind1="1" ind2="0">
    <subfield code="a">Address and presentation, June 30th, 1884</subfield>
    <subfield code="h">[microform].</subfield>
  </datafield>
  <datafield tag="260" ind1=" " ind2=" ">
    <subfield code="a">[S.l. :</subfield>
    <subfield code="b">s.n.,</subfield>
    <subfield code="c">1884?]</subfield>
  </datafield>
  <datafield tag="300" ind1=" " ind2=" ">
    <subfield code="a">1 microfiche (5 fr.).</subfield>
  </datafield>
  <datafield tag="490" ind1="1" ind2=" ">
    <subfield code="a">CIHM/ICMH Microfiche series = CIHM/ICMH collection de microfiches ;</subfield>
    <subfield code="v">no. 28772</subfield>
  </datafield>
  <datafield tag="500" ind1=" " ind2=" ">
    <subfield code="a">Address and presentation made by the members of the York Pioneer Society to the Rev. Henry Scadding, in appreciation of his services to the Society.</subfield>
  </datafield>
  <datafield tag="500" ind1=" " ind2=" ">
    <subfield code="a">Caption title.</subfield>
  </datafield>
  <datafield tag="533" ind1=" " ind2=" ">
    <subfield code="a">Filmed from a copy of the original publication held by the Thomas Fisher Rare Book Library, University of Toronto Library.</subfield>
    <subfield code="b">Ottawa :</subfield>
    <subfield code="c">Canadian Institute for Historical Microreproductions,</subfield>
    <subfield code="d">1983.</subfield>
  </datafield>
  <datafield tag="534" ind1=" " ind2=" ">
    <subfield code="e">3 p.</subfield>
  </datafield>
  <datafield tag="596" ind1=" " ind2=" ">
    <subfield code="a">43</subfield>
  </datafield>
  <datafield tag="600" ind1="1" ind2="0">
    <subfield code="a">Scadding, Henry,</subfield>
    <subfield code="d">1813-1901</subfield>
    <subfield code="x">Medals.</subfield>
  </datafield>
  <datafield tag="600" ind1="1" ind2="6">
    <subfield code="a">Scadding, Henry,</subfield>
    <subfield code="d">1813-1901</subfield>
    <subfield code="x">Médaille</subfield>
  </datafield>
<!-- No separator at end of field length=45 -->
<!-- Bad indicator data. Skipping 2 bytes -->
  <datafield tag="610" ind1="2" ind2="0">
    <subfield code="a">York Pioneer and Historical Society.</subfield>
  </datafield>
<!-- Bad indicator data. Skipping 2 bytes -->
  <datafield tag="610" ind1="2" ind2="6">
    <subfield code="a">York Pioneer and Historical Society.</subfield>
  </datafield>
<!-- Bad indicator data. Skipping 2 bytes -->
  <datafield tag="650" ind1=" " ind2="0">
    <subfield code="a">History</subfield>
    <subfield code="x">Societies, etc.</subfield>
  </datafield>
<!-- Bad indicator data. Skipping 2 bytes -->
  <datafield tag="650" ind1=" " ind2="6">
    <subfield code="a">Histoire</subfield>
    <subfield code="x">Sociétés, </subfield>
  </datafield>
<!-- No separator at end of field length=31 -->
  <datafield tag="710" ind1=" " ind2="e">
    <subfield code="c">.</subfield>
  </datafield>
<!-- Separator but not at end of field length=41 -->
  <datafield tag="830" ind1="i" ind2="e">
    <subfield code="y">.</subfield>
  </datafield>
<!-- Separator but not at end of field length=45 -->
  <datafield tag="949" ind1="2" ind2="8">
    <subfield code="7">2</subfield>
  </datafield>
<!-- Separator but not at end of field length=22 -->
  <datafield tag="016" ind1="M" ind2="M">
    <subfield code="R">E</subfield>
  </datafield>
<!-- Separator but not at end of field length=15 -->
  <datafield tag="926" ind1="5" ind2="5">
    <subfield code="1">1</subfield>
  </datafield>
<!-- Separator but not at end of field length=58 -->
</record>
</collection>
